@article{shcherb2018,
  author = { О.А.~Щербаков and А.С.~Воробьёв and Е.М.~Иванов },
  title = { Испарительный источник нейтронов ГНЕЙС },
  year = 2018,
  volume = 49,
  number = 1,
  pages = {137--141},
  journal = { Физика элементарных частиц и атомного ядра }
}

@online{midas,
  url = { https://midas.triumf.ca/MidasWiki/index.php/Main_Page }
}

